@online{django,
author = {django},
title = {Meet Django},
year = {2019},
url = {https://www.djangoproject.com/}
} 

@online{tbd,
author = {N/A},
title = {Django’s Structure – A Heretic’s Eye View},
year = {2019},
url = {https://djangobook.com/mdj2-django-structure/},
}

@InBook{Elmasri and Navathe,
ALTauthor = {Elmasri, Ramez; Navathe, Shamkant},
ALTeditor = {7},
title = {Fundamentals of Database Systems},
chapter = {9},
publisher = {Pearson},
year = {2016},
}


